<?xml version="1.0" encoding="UTF-8"?><collection xmlns="http://www.loc.gov/MARC21/slim"><record><leader>00434nam--2200145-i-4500</leader><controlfield tag="001">000008755</controlfield><controlfield tag="002">20161230</controlfield><controlfield tag="005">20161230201027</controlfield><controlfield tag="008">060222s1000------------r-----000-0-eng-d</controlfield><datafield ind1=" " ind2=" " tag="080"><subfield code="a">546</subfield></datafield><datafield ind1=" " ind2=" " tag="100"><subfield code="a">Bethuel ,Louis</subfield></datafield><datafield ind1=" " ind2=" " tag="245"><subfield code="a">Derives volatils oxyfluores et fluores du chro me cro2f2- crof4-crf5-(crf6)</subfield></datafield><datafield ind1=" " ind2=" " tag="260"><subfield code="a">Saclay,Service Central De Documentation Du C.E.A.,1969. 17p</subfield></datafield><datafield ind1=" " ind2=" " tag="490"><subfield code="a">Bibliographie Cea-bib -134</subfield></datafield><datafield ind1=" " ind2=" " tag="852"><subfield code="a">D.1021</subfield></datafield></record></collection>